# Fichero de bibliografía (escribir en UTF-8)

@misc{Luque2017,
  title        = {Escribir un Trabajo Fin de Estudios con R Markdown},
  author       = {Pedro L. Luque-Calvo},
  year         = {2017},
  howpublished = {Disponible en \url{http://destio.us.es/calvo/post/escribir-un-trabajo-fin-de-estudios-con-rmarkdow/}}
  
}

@book{HyndmanAthanasopoulos2018,
	author    = {R.J. Hyndman and G. Athanasopoulos},
	title     = {Forecasting: principles and practice},
	year      = {2018},
	Publisher = {OTexts}
}

@article{HyndmanKhandakar2008,
    author  = {Rob J. Hyndman and Yeasmin Khandakar},
    title   = {Automatic Time Series Forecasting: the forecast Package for R},
    journal = {Journal of Statistical Software},
    year    = {2008},
    volume  = {27},
    number  = {3}
}

@book{box2011time,
    title     = {Time series analysis: forecasting and control},
    author    = {G. E. P. Box, G. M. Jenkins, G. C. Reinsel},
    volume    = {734},
    year      = {2011},
    publisher = {John Wiley \& Sons}
}

@misc{Campos2018,
  title        = {Análisis de series temporales en R. ARIMA},
  author       = {Fernando Campos},
  year         = {2018},
  howpublished = {Disponible en \url{https://www.diegocalvo.es/analisis-de-series-temporales-en-r-arima/}}
}

@misc{Jimenez2019,
  title        = {Detección y reemplazo de outliers con R},
  author       = {Juan Antonio Jiménez Torres},
  year         = {2019},
  howpublished = {Disponible en \url{https://www.adictosaltrabajo.com/2019/11/28/deteccion-y-reemplazo-de-outliers-con-r/}}
}

@article{abd2015comparative,
  title     = {A comparative study of forecasting the electrical demand in Basra city using Box-Jenkins and modern intelligent techniques},
  author    = {K. Abd Al-zahra, K. Moosa, B.H. Jasim},
  journal   = {Iraqi Journal for Electrical And Electronic Engineering},
  volume    = {11},
  number    = {1},
  pages     = {110-123},
  year      = {2015},
  publisher = {Basrah University}
}