%BIBLIOGRAFIA
%%%%%%%%%%%%%%%%%%%%%%

%WWW
@misc{www:exo,
       author = "Web",
       title = "La Enciclopedia de los Planetas Extrasolares: \url{http://exoplanet.eu/}",
       year = "",
       url = "",
       note = ""
}

% WIKIPEDIA
@misc{wiki:exo,
       author = "Wikipedia",
       title = "Planeta extrasolar --- Wikipedia{,} La enciclopedia libre",
       year = "2010",
       url = "\url{http://es.wikipedia.org/w/index.php?title=Planeta_extrasolar&oldid=37343876}",
       note = "[Internet; descargado 24-mayo-2010]"
}


% SOFTWARE
@MISC{soft:stellarium,
   author = {Software},
    title = "{\textsc{Stellarium} en espaol est\'{a} disponible en \url{http://www.stellarium.org/es/} bajo licencia GNU General Public License}",
booktitle = {},
   editor = "{}",
   adsurl = {},
  series = {}
}

% MANUALES
@BOOK{man:CLEAjup,
   author = {CLEA},
    title = "{Manual: The revolution of the Moons of Jupiter}",
publisher = {Department of Physics, Gettysburg College},
   year = 2010 ,
   adsurl = {},
  series = {}
}

% MANUALES
@BOOK{man:aladin,
   author = {UDS/CNRS},
    title = "{The \textsc{Aladin} User Manual, disponible en la web \\\url{http://aladin.u-strasbg.fr/}}",
publisher = {},
   year = 1999,
   adsurl = {},
  series = {}
}


% LIBROS

@BOOK{1978ilu..book.....S,
   author = {{Sagan}, C. and {Shklovskij}, I.~S.},
    title = "{Intelligent life in the universe.}",
booktitle = {Intelligent life in the universe., by Sagan, C.; Shklovskij, I.~S..~ San Francisco, CA (USA): Holden-Day, 509 p.},
     year = 1978,
   editor = "{Sagan, C.~\& Shklovskij, I.~S.}",
   adsurl = {http://adsabs.harvard.edu/abs/1978ilu..book.....S},
  adsnote = {Provided by the SAO/NASA Astrophysics Data System}
}

@BOOK{2005VM,
   author = {{Mart\'{i}nez}, V.J. and {Miralles}, J.A. and {Marco}, E. and {Galad\'{i}-Enr\'{i}quez}, D.},
    title = "{Astronom\'{i}a Fundamental}",
publisher = {Publicacions de la Universitat de Val\`{e}ncia},
     year = 2005,
   adsurl = {},
  adsnote = {}
}

% ARTêCULOS
% La Bibliografa para artculos se obtiene en el formato LaTeX directamente desde el ADS/NASA: http://adsabs.harvard.edu/abstract_service.html
% Eligiendo "Bibtex entry for this abstract" cuando se visualiza el artculo buscado.

@ARTICLE{1992Natur.355..145W,
   author = {{Wolszczan}, A. and {Frail}, D.~A.},
    title = "{A planetary system around the millisecond pulsar PSR1257 + 12}",
  journal = {\nat},
 keywords = {BINARY STARS, EXTRASOLAR PLANETS, ORBITAL MECHANICS, PLANETARY SYSTEMS, PULSARS, ACCRETION DISKS, LEAST SQUARES METHOD, NEUTRON STARS, RADIO ASTRONOMY, SUPERNOVA REMNANTS},
     year = 1992,
    month = jan,
   volume = 355,
    pages = {145-147},
      doi = {10.1038/355145a0},
   adsurl = {http://cdsads.u-strasbg.fr/abs/1992Natur.355..145W},
  adsnote = {Provided by the SAO/NASA Astrophysics Data System}
}


@ARTICLE{2000ApJ...529L..45C,
   author = {{Charbonneau}, D. and {Brown}, T.~M. and {Latham}, D.~W. and 
	{Mayor}, M.},
    title = "{Detection of Planetary Transits Across a Sun-like Star}",
  journal = {\apjl},
   eprint = {arXiv:astro-ph/9911436},
 keywords = {STARS: BINARIES: ECLIPSING, STARS: PLANETARY SYSTEMS, STARS: INDIVIDUAL: HENRY DRAPER NUMBER: HD 209458, TECHNIQUES: PHOTOMETRIC, TECHNIQUES: RADIAL VELOCITIES},
     year = 2000,
    month = jan,
   volume = 529,
    pages = {L45-L48},
      doi = {10.1086/312457},
   adsurl = {http://adsabs.harvard.edu/abs/2000ApJ...529L..45C},
  adsnote = {Provided by the SAO/NASA Astrophysics Data System}
}

@ARTICLE{2005A&A...438..227K,
   author = {{Kov{\'a}cs}, G.},
    title = "{Iron abundances derived from RR Lyrae light curves and low-dispersion spectroscopy}",
  journal = {\aap},
   eprint = {arXiv:astro-ph/0504327},
 keywords = {stars: variables: RR Lyrae, stars: fundamental parameters, stars: abundances},
     year = 2005,
    month = jul,
   volume = 438,
    pages = {227-238},
      doi = {10.1051/0004-6361:20052742},
   adsurl = {http://adsabs.harvard.edu/abs/2005A%26A...438..227K},
  adsnote = {Provided by the SAO/NASA Astrophysics Data System}
}



