@article{narendra1977branch,
	title={A branch and bound algorithm for feature subset selection},
	author={Narendra, Patrenahalli M. and Fukunaga, Keinosuke},
	journal={IEEE Computer Architecture Letters},
	volume={26},
	number={09},
	pages={917--922},
	year={1977},
	publisher={IEEE Computer Society}
}

@article{saeys2007review,
	title={A review of feature selection techniques in bioinformatics},
	author={Saeys, Yvan and Inza, Inaki and Larranaga, Pedro},
	journal={bioinformatics},
	volume={23},
	number={19},
	pages={2507--2517},
	year={2007},
	publisher={Oxford University Press}
}

@article{yang2010multi,
	title={A multi-filter enhanced genetic ensemble system for gene selection and sample classification of microarray data},
	author={Yang, Pengyi and Zhou, Bing B and Zhang, Zili and Zomaya, Albert Y},
	journal={BMC bioinformatics},
	volume={11},
	number={1},
	pages={1--12},
	year={2010},
	publisher={BioMed Central}
}

@article{hall1998correlation,
	title={Correlation-based feature subset selection for machine learning},
	author={Hall, Mark A},
	journal={Thesis submitted in partial fulfillment of the requirements of the degree of Doctor of Philosophy at the University of Waikato},
	year={1998}
}

@article{frank2004data,
	title={Data mining in bioinformatics using Weka},
	author={Frank, Eibe and Hall, Mark and Trigg, Len and Holmes, Geoffrey and Witten, Ian H},
	journal={Bioinformatics},
	volume={20},
	number={15},
	pages={2479--2481},
	year={2004},
	publisher={Oxford University Press}
}

@article{holland1975adaptation,
	title={Adaptation in natural and artificial systems, University of Michigan press},
	author={Holland, John H},
	journal={Ann arbor, MI},
	volume={1},
	number={97},
	pages={5},
	year={1975}
}

@article{chuang2011hybrid,
	title={A hybrid feature selection method for DNA microarray data},
	author={Chuang, Li-Yeh and Yang, Cheng-Huei and Wu, Kuo-Chuan and Yang, Cheng-Hong},
	journal={Computers in biology and medicine},
	volume={41},
	number={4},
	pages={228--237},
	year={2011},
	publisher={Elsevier}
}

@article{tsai2004hybrid,
	title={Hybrid Taguchi-genetic algorithm for global numerical optimization},
	author={Tsai, Jinn-Tsong and Liu, Tung-Kuan and Chou, Jyh-Horng},
	journal={IEEE Transactions on evolutionary computation},
	volume={8},
	number={4},
	pages={365--377},
	year={2004},
	publisher={IEEE}
}

@book{taguchi1999robust,
	title={Robust engineering: learn how to boost quality while reducing costs \& time to market},
	author={Taguchi, Genichi and Chowdhury, Subir},
	year={1999},
	publisher={McGraw Hill Professional}
}

@book{wu2000taguchi,
	title={Taguchi methods for robust design},
	author={Wu, Yuin and Wu, Alan},
	year={2000},
	publisher={Amer Society of Mechanical}
}

@article{cover1967nearest,
	title={Nearest neighbor pattern classification},
	author={Cover, Thomas and Hart, Peter},
	journal={IEEE transactions on information theory},
	volume={13},
	number={1},
	pages={21--27},
	year={1967},
	publisher={IEEE}
}

@book{fix1985discriminatory,
	title={Discriminatory analysis: nonparametric discrimination, consistency properties},
	author={Fix, Evelyn},
	volume={1},
	year={1985},
	publisher={USAF school of Aviation Medicine}
}

@article{cawley2003efficient,
	title={Efficient leave-one-out cross-validation of kernel fisher discriminant classifiers},
	author={Cawley, Gavin C and Talbot, Nicola LC},
	journal={Pattern Recognition},
	volume={36},
	number={11},
	pages={2585--2592},
	year={2003},
	publisher={Elsevier}
}

@article{stone1974cross,
	title={Cross-validatory choice and assessment of statistical predictions},
	author={Stone, Mervyn},
	journal={Journal of the Royal Statistical Society: Series B (Methodological)},
	volume={36},
	number={2},
	pages={111--133},
	year={1974},
	publisher={Wiley Online Library}
}