@misc{GitHubRepo,
	author = {Laura Rodríguez-Navas},
	title = {Recuperación de información y minería de texto},
	year = {2021},
	publisher = {GitHub},
	journal = {GitHub repository},
	howpublished = {\url{https://github.com/lrodrin/masterAI/tree/master/A14}}
}