@article{KernighanLin,
	author	= {B. W. Kernighan and S. Lin},
	title 	= {An efficient heuristic procedure for partitioning graphs},
	year 	= {1970},
	journal = {Bell System Technical Journal},
	number  = {2},
	volume 	= {49},
	pages 	= {291-307}
}

@inproceedings{FiducciaMattheyses,
	author    = {C.M. Fiduccia and R.M. Mattheyses},
	title     = {A Linear-Time Heuristic for Improving Network Partitions},
	booktitle = {19th Design Automation Conference, Las Vegas, NV, USA, 14-16 June, 1982},
	publisher = {{IEEE}},
	year      = {1982}
}

@book{Ravikumar,
	author	  = {Ravikumar, C. P. and Zobrist, George W.},
	title     = {Parallel Methods for VLSI Layout Design},
	year      = {1995},
	isbn 	  = {0893918288},
	publisher = {Greenwood Publishing Group Inc.},
	address   = {USA}
}

@article{ErdosRenyi,
	author  = {Erdős, P. and Rényi, A.},
	title   = {On Random Graphs},
	journal = {Publicationes Mathematicae},
	volume  = {6},
	pages   = {290–297},
	year    = {1959}
}

@book{NPCompleteness,
	author    = {Garey, Michael R. and Johnson, David S.},
	title     = {Computers and Intractability; A Guide to the Theory of NP-Completeness},
	year      = {1990},
	isbn      = {0716710455},
	publisher = {W. H. Freeman \& Co.},
	address   = {USA}
}