@article{KernighanLin,
	author = {B. W. {Kernighan} and S. {Lin}},
	title = {An efficient heuristic procedure for partitioning graphs},
	journal={The Bell System Technical Journal},
	year={1970},  
	volume={49},  
	number={2},  
	pages={291-307},
}
