% Capitalization is very important in references. Be sure to do a double {{ and }} to keep the capitalization of your text in tact.

% Also pay attention to the sorting on last name in the case of complex Dutch names. 
% For instance: "Aalst, W.M.P. van der and ..." makes it sort under A

@article{KernighanLin,
	author	= {B. W. Kernighan and S. Lin},
	title 	= {An efficient heuristic procedure for partitioning graphs},
	year 	= {1970},
	journal = {Bell System Technical Journal},
	number  = {2},
	volume 	= {49},
	pages 	= {291-307}
}

@inproceedings{FiducciaMattheyses,
	author    = {C.M. Fiduccia and R.M. Mattheyses},
	title     = {A Linear-Time Heuristic for Improving Network Partitions},
	booktitle = {19th Design Automation Conference, Las Vegas, NV, USA, 14-16 June, 1982},
	publisher = {{IEEE}},
	year      = {1982}
}

@book{Ravikumar,
	author = {Ravikumar, C. P. and Zobrist, George W.},
	title = {Parallel Methods for VLSI Layout Design},
	year = {1995},
	isbn = {0893918288},
	publisher = {Greenwood Publishing Group Inc.},
	address = {USA}
}




