# Fichero de bibliografía (escribir en UTF-8)

@Misc{Luque2017,
  title = {Escribir un Trabajo Fin de Estudios con R Markdown},
  author = {Pedro L. Luque-Calvo},
  year = {2017},
  howpublished = {Disponible en \url{http://destio.us.es/calvo/post/escribir-un-trabajo-fin-de-estudios-con-rmarkdow/}}
  
}

@book{HyndmanAthanasopoulos2018,
	Author = {R.J. Hyndman and G. Athanasopoulos},
	Edition = {2nd edition},
	Publisher = {OTexts},
	Title = {Forecasting: principles and practice},
	Year = {2018}
}

@ARTICLE {HyndmanKhandakar2008,
    author  = {Rob J. Hyndman and Yeasmin Khandakar},
    title   = {Automatic Time Series Forecasting: the forecast Package for R},
    journal = {Journal of Statistical Software},
    year    = {2008},
    volume  = {27},
    number  = {3}
}

@ARTICLE {BoxJenkins1976,
    author  = {G. E. P. Box and G. M. Jenkins},
    title   = {Some comments on a paper by Chatfield and Prothero and on a review by Kendall},
    journal = {Journal of the Royal Statistical Society},
    year    = {1976},
    volume  = {136(3)},
    pages   = {337-352}
}

@Misc{Campos2018,
  title = {Análisis de series temporales en R. ARIMA},
  author = {Fernando Campos},
  year = {2018},
  howpublished = {Disponible en \url{https://www.diegocalvo.es/analisis-de-series-temporales-en-r-arima/}}
}

@Misc{Jimenez2019,
  title = {Detección y reemplazo de outliers con R},
  author = {Juan Antonio Jiménez Torres},
  year = {2019},
  howpublished = {Disponible en \url{https://www.adictosaltrabajo.com/2019/11/28/deteccion-y-reemplazo-de-outliers-con-r/}}
}