%WWW

% WIKIPEDIA

% SOFTWARE

% MANUALES

% MANUALES

% LIBROS

% ART√çCULOS

@ARTICLE{Goh8685,
	author={Goh, Kwang-Il and Cusick, Michael E. and Valle, David and Childs, Barton and Vidal, Marc and Barab{\'a}si, Albert-L{\'a}szl{\'o}},
	title={The human disease network},
	volume={104},
	number={21},
	pages={8685--8690},
	year={2007},
	doi={10.1073/pnas.0701361104},
	publisher={National Academy of Sciences},
	journal={Proceedings of the National Academy of Sciences}
}

@ARTICLE{Gephi,
	author={Mathieu Bastian and Sebastien Heymann and Mathieu Jacomy},
	title={Gephi: An Open Source Software for Exploring and Manipulating Networks},
	conference={International AAAI Conference on Weblogs and Social Media},
	year={2009}
}

@article{fruchterman1991graph,
	title={Graph drawing by force-directed placement},
	author={Fruchterman, Thomas MJ and Reingold, Edward M},
	journal={Software: Practice and experience},
	volume={21},
	number={11},
	pages={1129--1164},
	year={1991},
	publisher={Wiley Online Library}
}

@article{Blondel2008,
	title={Fast unfolding of communities in large networks},
	volume={2008},
	doi={10.1088/1742-5468/2008/10/p10008},
	number={10},
	journal={Journal of Statistical Mechanics: Theory and Experiment},
	publisher={IOP Publishing},
	author={Blondel, Vincent D and Guillaume, Jean-Loup and Lambiotte, Renaud and Lefebvre, Etienne},
	year={2008},
	pages={P10008}
}